
  
  
  
@book{krause2013analysis,
  title={Analysis of Electric Machinery and Drive Systems},
  author={Krause, P.C. and Wasynczuk, O. and Sudhoff, S.D. and Pekarek, S.D.},
  isbn={9781118024294},
  lccn={2012050394},
  series={IEEE Press Series on Power and Energy Systems},
  year={2013},
  publisher={Wiley}
}
  
  
@misc{Faustino2020,
 author = {Elias Faustino},
 year = {2020},
 title = {Como funciona o Contator?},
 url = {https://www.youtube.com/watch?v=JHKL6CwKntQ&t=181s},
 howpublished = {\url{https://www.youtube.com/watch?v=JHKL6CwKntQ&t=181s}},
 urldate = {6 de set. de 2021}, 
 note = {Acessado em 06 de set. de 2021} 
}


@misc{meletrica2014,
 author = {{Mundo da El√©trica}},
 year = {2014},
 title = {Contator - Funcionamento interno!},
 url = {https://www.youtube.com/watch?v=OKiCSIbYXBU},
 howpublished = {\url{https://www.youtube.com/watch?v=OKiCSIbYXBU}},
 urldate = {6 de set. de 2021},
 note = {Acessado em 06 de set. de 2021} 
}