


@book{hayt2013eletromagnetismo,
  title={Eletromagnetismo - 8ed},
  author={Hayt, W.H. and Buck, J.A.},
  isbn={9788580551549},
  year={2013},
  publisher={Bookman Editora}
}
