
  
  
  
@book{krause2013analysis,
  title={Analysis of Electric Machinery and Drive Systems},
  author={Krause, P.C. and Wasynczuk, O. and Sudhoff, S.D. and Pekarek, S.D.},
  isbn={9781118024294},
  lccn={2012050394},
  series={IEEE Press Series on Power and Energy Systems},
  year={2013},
  publisher={Wiley}
}
  